@inproceedings{karmakar2014trigger,
  title={A Trigger Counting Mechanism for Ring Topology},
  author={Karmakar, Sushanta and Chattopadhyay, Subhrendu},
  year={2014}
}

@inproceedings{chakraborty2013surpassing,
  title={Surpassing Flow Fairness in a Mesh Network: How to Ensure Equity among End Users?},
  author={Chakraborty, Sandip and Nandi, Sukumar and Chattopadhyay, Subhrendu},
  booktitle={Seventh IEEE International Conference on Advanced Networks and Telecommunication Systems (ANTS 2013)},
  year={2013},
  organization={IEEE}
}

@inproceedings{chakraborty2014defending,
  title={Defending Concealedness in IEEE 802.11n},
  author={Chakraborty, Sandip and Chattopadhyay, Subhrendu and Chakraborty, Suchetana and Nandi, Sukumar},
  booktitle={Sixth International Conference on COMmunication System \& NETworks (COMSNET 2014)},
  pages={1--8},
  year={2014},
  organization={IEEE}
}
