{author, title, booktitle, publisher, year, pages}
%%%%% USENIX %%%%%
@InProceedings{   casado2006sane,
  author  = {Casado, Martin and Garfinkel, Tal and Akella, Aditya and
      Freedman, Michael J and Boneh, Dan and McKeown, Nick and
      Shenker, Scott},
  title   = {{SANE:} A Protection Architecture for Enterprise Networks},
  booktitle = {Proc. of International Symposium on Security},
  publisher = {{USENIX}},
  year    = {2006},
  pages={1--15}}
@InProceedings{   benson2009unraveling,
  title   = {Unraveling the Complexity of Network Management},
  author  = {Benson, Theophilus and Akella, Aditya and Maltz, David A},
  booktitle = {Proc. of International Symposium on {NSDI}},
  pages   = {335--348},
  publisher = {{USENIX}},
  year    = {2009}}
@InProceedings{10.5555/1251203.1251207,
  author = {Feamster, Nick and Balakrishnan, Hari},
  title = {Detecting BGP Configuration Faults with Static Analysis},
  booktitle = {Proc. of International Symposium on {NSDI}},
  publisher = {{USENIX}},
  year = {2005},
  pages = {43â€“-56}}
@InProceedings{   225992,
  author  = {Yu, Da and Zhu, Yibo and Arzani, Behnaz and Fonseca, Rodrigo  and Zhang, Tianrong and Deng, Karl and Yuan, Lihua },
  title   = {{dShark:} A General, Easy to Program and Scalable Framework for Analyzing In-network Packet Traces},
  booktitle = {Proc. of International Symposium of {NSDI}},
  publisher = {{USENIX}},
  year    = {2019},
  pages   = {207--220}}
@InProceedings{   180307,
  author  = {Rajagopalan, Shriram  and Williams, Dan and Jamjoom, Hani and Warfield, Andrew },
  title   = {Split/Merge: System Support for Elastic Execution in
      Virtual Middleboxes},
  booktitle = {Proc. of International Symposium on {NSDI}},
  year    = {2013},
  pages   = {227--240},
  publisher = {{USENIX}}}
@InProceedings{   caesar2005design,
  title   = {Design and implementation of a routing control platform},
  author  = {Caesar, Matthew and Caldwell, Donald and Feamster, Nick and Rexford, Jennifer and Shaikh, Aman and van der Merwe, Jacobus},
  booktitle = {Proc. of International Symposium on {NSDI}},
  pages   = {15--28},
  year    = {2005},
  publisher  = {{USENIX}}}
@InProceedings{   211243,
  author  = {Dalton, Michael and Schultz, David and Adriaens, Jacob and
      Arefin, Ahsan and Gupta, Anshuman and Fahs, Brian and
      Rubinstein, Dima and Zermeno, Enrique Cauich and Erik Rubow
      and Docauer, James Alexander and Alpert, Jesse and Ai, Jing
      and Olson, Jon and DeCabooter, Kevin and Kruijf, Marc de
      and Hua, Nan and Lewis, Nathan and Kasinadhuni, Nikhil and
      Crepaldi, Riccardo and Krishnan, Srinivas and Venkata,
      Subbaiah and Richter, Yossi and Naik, Uday and Vahdat,
      Amin},
  title   = {Andromeda: Performance, Isolation, and Velocity at Scale in Cloud Network Virtualization},
  booktitle = {Proc. of International Symposium on {NSDI}},
  publisher= {{USENIX}},
  year    = {2018},
  pages   = {373--387}}
@InProceedings{   211293,
  author  = {Woo, Shinae and Sherry, Justine and Han, Sangjin and Moon, Sue and Ratnasamy, Sylvia and Shenker, Scott},
  title   = {Elastic Scaling of Stateful Network Functions},
  booktitle = {Proc. of International Symposium on {NSDI}}, 
  publisher= {{USENIX}},
  year    = {2018},
  pages   = {299--312}}
  @InProceedings{   179779,
  author  = {Fayazbakhsh, Seyed Kaveh  and Chiang, Luis and Sekar, Vyas and
      Yu, Minlan and Mogul, Jeffrey C. },
  title   = {Enforcing Network-Wide Policies in the Presence of Dynamic
  Middlebox Actions using FlowTags},
  booktitle = {Proc. of International Symposium on {NSDI}},
  publisher = {{USENIX}},
  year    = {2014},
  pages   = {543--546}}
@InProceedings{   panda2017scl,
  title   = {{SCL}: simplifying distributed {SDN} control planes},
  author  = {Panda, Aurojit and Zheng, Wenting and Hu, Xiaohe and Krishnamurthy, Arvind and Shenker, Scott},
  booktitle = {Proc. of International Symposium on {NSDI}},
  pages   = {329--345},
  year    = {2017},
  publisher  = {{USENIX}}}
@InProceedings{   Wischik:2011:DIE:1972457.1972468,
  author  = {Wischik, Damon and Raiciu, Costin and Greenhalgh, Adam and Handley, Mark},
  title   = {Design, Implementation and Evaluation of Congestion Control for Multipath TCP},
  booktitle = {Proc. of International Symposium on {NSDI}},
  year    = {2011},
  pages   = {99--112},
  publisher = {{USENIX}}}
@InProceedings{   koponen2010odc,
  author  = {Koponen, Teemu and Casado, Martin and Gude, Natasha and
  Stribling, Jeremy and Poutievski, Leon and Zhu, Min and
  Ramanathan, Rajiv and Iwata, Yuichiro and Inoue, Hiroaki
  and Hama, Takayuki and Shenker, Scott},
  title   = {Onix: A Distributed Control Platform for Large-scale Production Networks},
  booktitle = {Proc. of International Conference on {OSDI}},
  year    = {2010},
  pages   = {1--6},
  publisher = {{USENIX}}}
@InProceedings{   levin2014panopticon,
  title   = {Panopticon: Reaping the Benefits of Incremental {SDN} Deployment in Enterprise Networks},
  author  = {Levin, Dan and Canini, Marco and Schmid, Stefan and Schaffert, Fabian and Feldmann, Anja},
  booktitle = {Proc. of International Conference on {ATC}},
  pages   = {333--345},
  publisher = {{USENIX}},
  year    = {2014}}  
@InProceedings{   234837,
  author  = {Mustard, Craig and Ruffy, Fabian  and Gakhokidze, Anny  and Beschastnikh, Ivan  and Fedorova, Alexandra },
  title   = {Jumpgate: {In-Network} Processing as a Service for Data Analytics},
  booktitle = {Proc. of International Workshop on {HotCloud}},
  publisher = {{USENIX}},
  pages   = {1--11},
  year    = {2019}}
%%%%% ACM %%%%%
@InProceedings{   Tootoonchian:2010:HDC:1863133.1863136,
  author  = {Tootoonchian, Amin and Ganjali, Yashar},
  title   = {{HyperFlow:} A Distributed Control Plane for {OpenFlow}},
  booktitle = {Proc. of International Workshop on {REN}},
  year    = {2010},
  pages   = {1--3},
  publisher = {{ACM}}}
@InProceedings{   hyperflow,
  author  = {Tootoonchian, Amin and Ganjali, Yashar},
  title   = {{HyperFlow:} A Distributed Control Plane for OpenFlow},
  booktitle = {Proc. of International Workshop on {REN}},
  year    = {2010},
  pages   = {1--3},
  publisher = {{ACM}}}
@InProceedings{nayak2009resonance,
  title={Resonance: Dynamic access control for enterprise networks},
  author={Nayak, Ankur Kumar and Reimers, Alex and Feamster, Nick and Clark, Russ},
  booktitle={Proc. of International Workshop on {REN}},
  pages={11--18},
  year={2009},
  publisher = {{ACM}}}
@InProceedings{   berde2014onos,
  title   = {{ONOS}: towards an open, distributed {SDN} {OS}},
  author  = {Berde, Pankaj and Gerola, Matteo and Hart, Jonathan and
      Higuchi, Yuta and Kobayashi, Masayoshi and Koide, Toshio
      and Lantz, Bob and O'Connor, Brian and Radoslavov, Pavlin
      and Snow, William and others},
  booktitle = {Proc. of International Workshop on {HotSDN}},
  pages   = {1--6},
  year    = {2014},
  publisher = {ACM}}
@InProceedings{casado2012fabric,
  title={{Fabric:} a retrospective on evolving {SDN}},
  author={Casado, Martin and Koponen, Teemu and Shenker, Scott and Tootoonchian, Amin},
  booktitle={Proc. of International Workshop on {HotSDN}},
  pages={85--90},
  year={2012},
  publisher = {ACM}}
@InProceedings{   seddiki2014flowqos,
	title   = {Flowqos: Qos for the rest of us},
	author  = {Seddiki, M Said and Shahbaz, Muhammad and Donovan, Sean and Grover, Sarthak and Park, Miseon and Feamster, Nick and Song, Ye-Qiong},
	booktitle = {Proc. of International Workshop on {HotSDN}},
	pages   = {207--208},
	year    = {2014},
	publisher = {ACM}}
@InProceedings{   Nikravesh:2016:IUM:2973750.2973769,
  author  = {Nikravesh, Ashkan and Guo, Yihua and Qian, Feng and Mao, Z. Morley and Sen, Subhabrata},
  title   = {An In-depth Understanding of Multipath TCP on Mobile Devices: Measurement and System Design},
  booktitle = {Proc. of International Conference on {MobiCom}},
  year    = {2016},
  pages   = {189--201},
  numpages  = {13},
  publisher = {ACM}}
@InProceedings{   Han:2015:AMW:2716281.2836090,
  author  = {Han, Bo and Qian, Feng and Hao, Shuai and Ji, Lusheng},
  title   = {An Anatomy of Mobile Web Performance over Multipath {TCP}},
  booktitle = {Proc. of International Conference on {CoNext}},
  year    = {2015},
  pages   = {5:1--5:7},
  articleno = {5},
  numpages  = {7},
  publisher = {ACM}}
@InProceedings{   Deng:2014:WLB:2663716.2663727,
  author  = {Deng, Shuo and Netravali, Ravi and Sivaraman, Anirudh and Balakrishnan, Hari},
  title   = {WiFi, LTE, or Both?: Measuring Multi-Homed Wireless Internet Performance},
  booktitle = {Proc. of International Conference on {IMC}},
  year    = {2014},
  pages   = {181--194},
  numpages  = {14},
  publisher = {ACM}}
@InProceedings{   panda2013cap,
  title   = {{CAP} for Networks},
  author  = {Panda, Aurojit and Scott, Colin and Ghodsi, Ali and Koponen, Teemu and Shenker, Scott},
  booktitle = {Proc. of International Workshop of {HotSDN}},
  pages   = {91--96},
  year    = {2013},
  publisher  = {ACM}}
@InProceedings{   10.1007/978-3-030-19759-9_6,
  author  = {Charikar, Moses and Naamad, Yonatan  and Rexford, Jennifer and Zou, X. Kelvin },
  title   = {Multi-commodity Flow with In-Network Processing},
  booktitle = {Algorithmic Aspects of Cloud Computing},
  publisher = {Springer}, 
  year    = {2019},
  pages   = {73--101},
	}
@InProceedings{   Lantz:2010:NLR:1868447.1868466,
  author  = {Lantz, Bob and Heller, Brandon and McKeown, Nick},
  title   = {A Network in a Laptop: Rapid Prototyping for Software-defined Networks},
  booktitle = {Proc. of International Workshop of {Hotnets}},
  year    = {2010},
  pages   = {19:1--19:6},
  publisher = {ACM}}
@InProceedings{   10.1007/978-981-13-2285-3_24,
  author  = {Roshan, Rakesh  and Sharma, Anukrati  and Rishi, Om Prakash },
  title   = {IoT Platform for Smart City: A Global Survey},
  booktitle = {Emerging Trends in Expert Applications and Security},
  publisher = {Springer Singapore},
  year    = {2019},
  pages   = {197--202},
	}
@InProceedings{10.1145/3241539.3267738,
	author = {Mohan, Nitinder and Shreedhar, Tanya and Zavodavoski, Aleksandr and Waltari, Otto and Kangasharju, Juss and Kaul, Sanjit K.},
	title = {Poster: Redesigning {MPTCP} for Edge Clouds},
	booktitle = {Proc. of International Conference of {MobiCom}},
	publisher = {{ACM}},
	year = {2018},
	pages = {675â€“-677}}
@InProceedings{8784653,
  author={{De Coninck}, Quentin and {Bonaventure}, Olivier},
  booktitle={Proc. of International Conference of {TMA}}, 
  title={{MultipathTester:} Comparing {MPTCP} and {MPQUIC} in Mobile Environments}, 
  year={2019},
  publisher = {{IFIP}},
  pages={221--226},}
@InProceedings{10.1145/3143361.3143370,
	author = {{De Coninck}, Quentin and {Bonaventure}, Olivier},
	title = {Multipath {QUIC:} Design and Evaluation},
	booktitle={Proc. of International Conference on {CoNext}},
	publisher = {{ACM}},
	year = {2017},
	pages = {160â€“-166}}
@InProceedings{   Stoenescu:2015:IIP:2741948.2741961,
  author  = {Stoenescu, Radu and Olteanu, Vladimir and Popovici, Matei
  and Ahmed, Mohamed and Martins, Joao and Bifulco, Roberto
  and Manco, Filipe and Huici, Felipe and Smaragdakis,
  Georgios and Handley, Mark and Raiciu, Costin},
  title   = {In-Net: In-network Processing for the Masses},
  booktitle = {Proc. of International Conference on {EUROSYS}},
  year    = {2015},
  pages   = {23:1--23:15},
  articleno = {23},
  numpages  = {15},
  publisher = {ACM}}
@InProceedings{Blocher:2018:BSD:3211922.3211923,
  author  = {Bl\"{o}cher, Marcel and Ziegler, Tobias and Binnig, Carsten and Eugster, Patrick},
  title   = {Boosting Scalable Data Analytics with Modern Programmable Networks},
  booktitle = {Proc. of International Workshop on {DAMON}},
  year    = {2018},
  pages   = {1:1--1:3},
  publisher = {ACM}}
@InProceedings{   Xing:2019:APD:3365609.3365860,
  author  = {Xing, Jiarong and Wu, Wenqing and Chen, Ang},
  title   = {Architecting Programmable Data Plane Defenses into the Network with FastFlex},
  booktitle = {Proc. of International Workshop of {Hotnets}},
  year    = {2019},
  pages   = {161--169},
  numpages  = {9},
  publisher = {ACM}}
@InProceedings{10.1145/3040992.3041004,
  author = {Zhang, Nuyun and Li, Hongda and Hu, Hongxin and Park, Younghee},
  title = {Towards Effective Virtualization of Intrusion Detection Systems},
  booktitle = {Proc. of International Workshop on {SDN-NFVSec}},
  publisher = {{ACM}},
  year = {2017},
  pages = {47--50}}
@InProceedings{10.1145/2070562.2070565,
  author = {Ghodsi, Ali and Shenker, Scott and Koponen, Teemu and Singla, Ankit and Raghavan, Raghavan and Wilcox, James},
  title = {Intelligent Design Enables Architectural Evolution},
  booktitle = {Proc. of International Workshop of {Hotnets}},
  publisher = {{ACM}},
  pages={3.1--3.6},
  year = {2011}}
@InProceedings{10.1145/2002396.2002405,
  author = {Nascimento, Marcelo R. and Rothenberg, Christian E. and Salvador, Marcos R. and {CorrÃªa}, Carlos N. A. and de Lucena, Sidney C. and {MagalhÃ£es}, {MaurÃ­cio} F. },
  title = {Virtual Routers as a Service: The RouteFlow Approach Leveraging Software-Defined Networks},
  booktitle = {Proc. of International Conference on {FIT}},
  publisher = {{ACM}},
  year = {2011},
  pages = {34--37}}
@InProceedings{lakshman2004the,
	author = {Lakshman, T. V. and Nandagopal, Thyaga and Ramjee, Ramachandran and , K. Sabnani and Woo, T.},
	title = {The SoftRouter Architecture},
	booktitle = {Proc. of International Workshop on {HotNets}},
	year = {2004},
	month = {Jan},
  pages={1--6},
	publisher = {ACM},
	}
@InProceedings{   hassasyeganeh:2012:kfe:2342441.2342446,
  author  = {Hassas Yeganeh, Soheil and Ganjali, Yashar},
  title   = {Kandoo: A Framework for Efficient and Scalable Offloading of Control Applications},
  booktitle = {Proc. of International Workshop on {HotSDN}},
  pages   = {19--24},
  publisher = {ACM},
  year    = {2012}}
@InProceedings{10.1145/2890955.2890959,
	author = {Hong, David Ke and Ma, Yadi and Banerjee, Sujata and Mao, Z. Morley},
	title = {Incremental Deployment of SDN in Hybrid Enterprise and ISP Networks},
	booktitle = {Proc. of International Symposium on {SOSR}},
	publisher = {{ACM}},
  pages={1--7},
	year = {2016}}
@InProceedings{10.1145/2670518.2673873,
	author = {Ludwig, Arne and Rost, Matthias and Foucard, Damien and Schmid, Stefan},
	title = {Good Network Updates for Bad Packets: Waypoint Enforcement Beyond Destination-Based Routing Policies},
	booktitle = {Proc. of International Workshop on {HotNets}},
	publisher = {{ACM}},
	year = {2014},
	pages = {1â€“-7}}
@InProceedings{10.1145/2670518.2673868,
	author = {Vissicchio, Stefano and Vanbever, Laurent and Rexford, Jennifer},
	title = {Sweet Little Lies: Fake Topologies for Flexible Routing},
	booktitle = {Proc. of International Workshop on {HotNets}},
	publisher = {{ACM}},
	year = {2014},
	pages = {1â€“-7}}
@InProceedings{10.1145/2774993.2774996,
  author = {Katta, Naga and Zhang, Haoyu and Freedman, Michael and Rexford, Jennifer},
  title = {Ravana: Controller Fault-Tolerance in Software-Defined Networking},
  booktitle = {Proc. of International Symposium on {SOSR}},
  publisher = {{ACM}},
  pages={1--12},
  year = {2015}}
@InProceedings{   dixit2014elasticon,
  title   = {ElastiCon: an elastic distributed sdn controller},
  author  = {Dixit, Advait and Hao, Fang and Mukherjee, Sarit and Lakshman, TV and Kompella, Ramana Rao},
  booktitle = {Proc. of International Confrence on {ANCS}},
  pages   = {17--28},
  year    = {2014},
  publisher  = {ACM}}
@InProceedings{   jain2013b4,
  title   = {B4: Experience with a globally-deployed software defined {WAN}},
  author  = {Jain, Sushant and Kumar, Alok and Mandal, Subhasree and
  Ong, Joon and Poutievski, Leon and Singh, Arjun and
  Venkata, Subbaiah and Wanderer, Jim and Zhou, Junlan and
  Zhu, Min and others},
  booktitle = {Proc. of International Conference on {SIGCOMM}},
  pages   = {3--14},
  year    = {2013},
  publisher  = {ACM}}


@InProceedings{   Guo:2017:AMT:3117811.3117829,
  author  = {Guo, Yihua Ethan and Nikravesh, Ashkan and Mao, Z. Morley and Qian, Feng and Sen, Subhabrata},
  title   = {Accelerating Multipath Transport Through Balanced Subflow Completion},
  booktitle = {Proc. of International Confrence on {MobiCom}},
  year    = {2017},
  publisher = {ACM},
  pages   = {141--153}}
@InProceedings{   Lim:2017:EMP:3143361.3143376,
  author  = {Lim, Yeon-sup and Nahum, Erich M. and Towsley, Don and Gibbens, Richard J.},
  title   = {ECF: An MPTCP Path Scheduler to Manage Heterogeneous Paths},
  booktitle = {Proc. of International Confrence on {CoNEXT}},
  year    = {2017},
  publisher = {ACM},
  pages   = {147--159}}
@InProceedings{   mehani2015early,
  title   = {An early look at multipath TCP deployment in the wild},
  author  = {Mehani, Olivier and Holz, Ralph and Ferlin, Simone and Boreli, Roksana},
  booktitle = {Proc. of International Workshop on {HotPlanet}},
  pages   = {7--12},
  year    = {2015},
  publisher  = {ACM}}
@InProceedings{   mininet,
  author  = {Lantz, Bob and Heller, Brandon and McKeown, Nick},
  title   = {A Network in a Laptop: Rapid Prototyping for Software-defined Networks},
  booktitle = {Proc. of International Workshop on {Hotnets}},
  year    = {2010},
  pages   = {19:1--19:6},
  publisher = {ACM}}
@InProceedings{   Chen:2007:TAN:1321753.1321757,
  author  = {Chen, Xu and Mao, Z. Morley and van der Merwe, Jacobus},
  title   = {Towards Automated Network Management: Network Operations Using Dynamic Views},
  booktitle = {Proc. of International Workshop on {INM}},
  year    = {2007},
  pages   = {242--247},
  publisher = {ACM}}
@InProceedings{   levin2012logically,
  title   = {Logically centralized?: state distribution trade-offs in software defined networks},
  author  = {Levin, Dan and Wundsam, Andreas and Heller, Brandon and Handigol, Nikhil and Feldmann, Anja},
  booktitle = {Proc. of International Workshop on {HotSDN}},
  pages   = {1--6},
  year    = {2012},
  publisher = {ACM}}
@InProceedings{   ma2017efficient,
  title   = {Efficient service handoff across edge servers via docker container migration},
  author  = {Ma, Lele and Yi, Shanhe and Li, Qun},
  booktitle = {Proc. of International Confrence on {SEC}},
  pages   = {1--11},
  year    = {2017},
  publisher = {ACM}}
@InProceedings{   Qazi:2016:KMD:2890955.2890961,
	author  = {Qazi, Zafar Ayyub and Penumarthi, Phani Krishna and Sekar,
	Vyas and Gopalakrishnan, Vijay and Joshi, Kaustubh and Das,
	Samir R.},
	title   = {{KLEIN}: A Minimally Disruptive Design for an Elastic Cellular Core},
	booktitle = {Proc. of International Symposiam on {SOSR}},
	year    = {2016},
	pages = {1--2},
	publisher = {ACM},
	}
@InProceedings{   Zave:2017:DSC:3098822.3098827,
  author  = {Zave, Pamela and Ferreira, Ronaldo A. and Zou, Xuan Kelvin and Morimoto, Masaharu and Rexford, Jennifer},
  title   = {Dynamic Service Chaining with Dysco},
  booktitle = {Proc. of International Confrence on {SIGCOMM}},
  year    = {2017},
  pages   = {57--70},
  publisher = {ACM}}
@InProceedings{10.1145/3341302.3342075,
author = {McCauley, James and Harchol, Yotam and Panda, Aurojit and Raghavan, Barath and Shenker, Scott},
title = {Enabling a Permanent Revolution in Internet Architecture},
year = {2019},
publisher = {ACM},
booktitle = {Proc. of International Confrence on {SIGCOMM}},
pages = {1--14},
location = {Beijing, China}}

%%%%% IEEE %%%%%
@InProceedings{   hock2014poco,
  title   = {POCO-PLC: Enabling Dynamic Pareto-Optimal Resilient Controller Placement in SDN Networks},
  author  = {Hock, David and Hartmann, Matthias and Gebert, Steffen and Zinner, Thomas and Tran-Gia, Phuoc},
  booktitle = {Proc. of International Conference on {INFOCOM}},
  year    = {2014},
  publisher = {IEEE},
  pages ={115--116}}
@InProceedings{7218384,
  author  = { Wu, Di and Dmitri I. Arkhipov and Asmare, Eskindir and  Qin, Zhijing and  McCann, Julie A.},
  title   = {{UbiFlow:} Mobility management in urban-scale software defined {IoT}},
  booktitle = {Proc. of International Conference on {INFOCOM}},
  publisher = {IEEE},
  year    = {2015},
  pages   = {208--216}}
@InProceedings{wu2015ubiflow,
  author  = { Wu, Di and Dmitri I. Arkhipov and Asmare, Eskindir and  Qin, Zhijing and  McCann, Julie A.},
  title   = {{UbiFlow:} Mobility management in urban-scale software defined {IoT}},
  booktitle = {Proc. of International Conference on {INFOCOM}},
  publisher = {IEEE},
  year    = {2015},
  pages   = {208--216}}
@INPROCEEDINGS{nath2019ptc, 
  keywords = {own},
  author={Nath, Shubha Brata and Chattopadhyay, Subhrendu and Karmakar, Raja and Addya,  Sourav Kanti and Chakraborty, Sandip and Ghosh, Soumya K.},  
  booktitle={Proc. of International Conference of {GLOBECOM}}, 
  title={{PTC:} Pick-Test-Choose to Place Containerized Micro-Services in {IoT}},
  year={2019}, 
  publisher ={{IEEE}},
  pages={1--6}}
@InProceedings{   yu2014palantir,
  title   = {Palantir: Reseizing network proximity in large-scale distributed computing frameworks using sdn},
  author  = {Yu, Ze and Li, Min and Yang, Xin and Li, Xiaolin},
  booktitle = {Proc. of International Conference of {CLOUD}},
  pages   = {440--447},
  year    = {2014},
  publisher  = {IEEE}}
@InProceedings{   kheirkhah2016mmptcp,
  title   = {{MMPTCP}: A Multipath Transport Protocol for Data Centers},
  author  = {Kheirkhah, Morteza and Wakeman, Ian and Parisis, George},
  booktitle = {Proc. of International Conference of {INFOCOM}},
  publisher ={{IEEE}},
  year    = {2016},
  pages   = {1--9}}
@InProceedings{   selimi2017practical,
  title   = {Practical service placement approach for microservices architecture},
  author  = {Selimi, Mennan and Cerd{\`a}-Alabern, Lloren{\c{c}} and
  S{\'a}nchez-Artigas, Marc and Freitag, Felix and Veiga,
  Lu{\'\i}s},
  booktitle = {Proc. of International Conference of {CCGRID}},
  pages   = {401--410},
  publisher ={{IEEE}},
  year    = {2017}}
@InProceedings{   galluccio2015sdn,
  title   = {{SDN-WISE}: Design, prototyping and experimentation of a stateful {SDN} solution for WIreless SEnsor networks},
  author  = {Galluccio, Laura and Milardo, Sebastiano and Morabito, Giacomo and Palazzo, Sergio},
  booktitle = {Proc. of International Conference of {INFOCOM}},
  pages   = {513--521},
  publisher ={{IEEE}},
  year    = {2015}}
@InProceedings{   8452820,
  author  = {R. M. {Gomathi} and G. H. S. {Krishna} and E. {Brumancia} and Mistica Dhas Y},
  title   = {A Survey on IoT Technologies, Evolution and Architecture},
  booktitle = {Proc. of International Conference of {ICCCSP}},
  year    = {2018},
  publisher = {IEEE},
  pages   = {1--5},
  month={Feb},}
@InProceedings{   7555867,
  author  = {Hamidreza Arasteh and Vahid Hosseinnezhad and Vincenzo Loia and Aurelio Tommasettiâ€¬ and Orlando Troisi and Miadreza Shafie-khah and Pierluigi Siano},
  title   = {Iot-based smart cities: A survey},
  booktitle = {Proc. of International Conference of {EEEIC}},
  publisher = {IEEE},
  year    = {2016},
  pages   = {1--6},
 }
@InProceedings{   8714572,
  author  = {AlHammadi, Abdulla  and AlZaabi, Aisha  and AlMarzooqi, Bashayer  and AlNeyadi, Suhail  and AlHashmi, Zayed and Shatnawi, Maad},
  booktitle = {Proc. of International Conference of {ASET}},
  title   = {Survey of IoT-Based Smart Home Approaches},
  year    = {2019},
  pages   = {1--6},
  publisher = {IEEE},
  month   = {March}}
@InProceedings{   6005695,
  author  = {An, Sheng-hai  and Lee, Byung-Hyug and Shin, Dong-Ryeol  },
  title   = {A Survey of Intelligent Transportation Systems},
  booktitle = {Proc. of International Conference of {CICSyN}},
  year    = {2011},
  publisher = {IEEE},
  pages   = {332--337},
 }
@InProceedings{8990704,
  author={Farrugia, Noel  and Buttigieg, Victor and Briffa, Johann A.  },
  booktitle={Proc. of International Conference of {LCN}}, 
  title={Multi-Stream {TCP}: Leveraging the Performance of a Per-Packet Multipath Routing Algorithm When Using {TCP} and {SDN}}, 
  year={2019},
  publisher = {IEEE},
  pages={218--221},}
@InProceedings{6831263,
  author={{Becke}, Martin and {Adhari}, Hakim and {Rathgeb}, Erwin P. and Fa, Fu and Yang, Xiong and Zhou, Xing},
  title={Comparison of Multipath {TCP} and {CMT-SCTP} based on intercontinental measurements}, 
  booktitle={Proc. of International Conference on {GLOBECOM}}, 
  publisher = {IEEE},
  year={2013},
  pages={1360--1366},}
@InProceedings{   zhou2013goodput,
  title   = {Goodput improvement for multipath {TCP} by congestion window adaptation in multi-radio devices},
  author  = {Zhou, Dizhi and Song, Wei and Shi, Minghui},
  booktitle = {Proc. of International Conference on {CCNC}},
  pages   = {508--514},
  year    = {2013},
  publisher = {IEEE}}
@InProceedings{   7577207,
  author  = {Ou, Shih-Hao  and Huang, Chih-Wei  and Lee, Tzu-Kuan  and Huang, Chih-Yang  },
  title   = {Out-of-order transmission enabled congestion and scheduling control for multipath {TCP}},
  booktitle = {Proc. of International Conference on {IWCMC}},
  year    = {2016},
  pages   = {1069--1073},
  publisher = {IEEE}}
@InProceedings{   1630562,
  author  = { Chen, Yingwen and Leong, Hong Va and Xu, Ming and Cao, Jiannong and  {Chan}, K. C. C. and {Chan}, A. T. S. },
  booktitle = {Proc. of International Conference on {MDM}},
  title   = {In-Network Data Processing for Wireless Sensor Networks},
  year    = {2006},
  pages   = {26--26},
  month   = {May},
  publisher = {IEEE}}
@InProceedings{   gedeonedge,
  author  = {Gedeon, Julien},
  booktitle = {Proc. of International Conference on {NetSys}},
  title   = {Edge Computing via Dynamic In-Network Processing},
  year    = {2017},
  pages   = {1--2},
  month   = {March},
  publisher = {IEEE}}
@InProceedings{7502829,
  author={Zhang, Sai Qian  and Tizghadam, Ali and Park, Byungchul  and Bannazadeh, Hadi  and Leon-Garcia, Alberto},
  title={Joint NFV placement and routing for multicast service on SDN}, 
  booktitle={Proc. of International Conference on {NOMS}}, 
  publisher = {IFIP/IEEE},
  year={2016},
  pages={333--341},}
@InProceedings{cs5737,
  author = {Canini, Marco  and  Salem, Iosif and  Schiff, Liron and Schiller, Elad M. and Schmid, Stefan },
  year = {2017},
  title = {A Self-Organizing Distributed and {In-Band SDN} Control Plane},
  booktitle = {Proc. of International Conference on {ICDCS}},
  pages={2656--2657},
  publisher = {IEEE}}
@InProceedings{7525645,
  author={{Rahimi}, Reza and M. {Veeraraghavan} and Y. {Nakajima} and H. {Takahashi} and Y. {Nakajima} and S. {Okamoto} and N. {Yamanaka}},
  title={A high-performance OpenFlow software switch}, 
  booktitle={Proc. of International Conference on {HPSR}}, 
  publisher = {IEEE},
  year={2016},
  pages={93--99},}
@InProceedings{7524410,
  author={Aubry, {FranÃ§ois} and Lebrun, David and Vissicchio, Stefano and Khong, Minh Thanh and Deville, Yves and Bonaventure, Olivier},
  title={SCMon: Leveraging segment routing to improve network monitoring}, 
  booktitle={Proc. of International Conference on {INFOCOM}}, 
  publisher= {IEEE},
  year={2016},
  pages={1--9},}
@InProceedings{shah2018cuttlefish,
  title={Cuttlefish: Hierarchical SDN controllers with adaptive offload},
  author={Shah, Rinku and Vutukuru, Mythili and Kulkarni, Purushottam},
  booktitle={Proc. of International Conference on {ICNP}},
  pages={198--208},
  year={2018},
  publisher={IEEE}}
@InProceedings{8718110,
  author={ Shim, Woojin and Kim, Keecheon},
  booktitle={Proc. of International Conference on {ICOIN}}, 
  title={A Study on Communication Optimization in Multi-SDN Controller}, 
  year={2019},
  pages={461--464},
  publisher={IEEE}}
@InProceedings{7848825,
  author={ Ojo, Mike and Adami, Davide and Giordano, Stefano  },
  title={A SDN-IoT Architecture with NFV Implementation}, 
  booktitle={Proc. of International Workshop on {Globecom}}, 
  publisher = {IEEE},
  year={2016},
  pages={1--6},}
@InProceedings{   huang2017blac,
  title   = {{BLAC: A Bindingless Architecture for Distributed SDN Controllers}},
  author  = {Huang, Victoria and Fu, Qiang and Chen, Gang and Wen, Elliott and Hart, Jonathan},
  booktitle = {Proc. of International Conference on {LCN}},
  pages   = {146--154},
  publisher = {IEEE},
  year    = {2017}}
@InProceedings{inproceedings,
  author = {Krosche, Robert and Thimmaraju, Kashyap and Schiff, Liron and Schmid, Stefan},
  year = {2018},
  month = {May},
  pages = {217--225},
  title = {I DPID It My Way! A Covert Timing Channel in Software-Defined Networks},
  booktitle={Proc. of International Conference on Networking},
  publisher={IFIP}}
@InProceedings{8766349,
  author={Bedhief, Intidhar and Kassar, Meriem and Aguili, Taoufik and Foschini, Luca and Bellavista, Paolo},
  booktitle={Proc. of International Conference on {IWCMC}}, 
  title={Self-Adaptive Management of SDN Distributed Controllers for Highly Dynamic IoT Networks}, 
  year={2019},
  publisher= {IEEE},
  pages={2098--2104},}
@InProceedings{7987319,
  author={ Nguyen, Binh  ; Choi, Nakjung and Thottan, Marina and Merwe, Jacobus Van der},
  title={{SIMECA:} SDN-based IoT Mobile Edge Cloud Architecture}, 
  booktitle={Proc. of International Conference on {IM}},
  publisher= {IFIP/IEEE},
  year={2017},
  pages={503--509},}
@InProceedings{8737387, 
  author={Xiong, Sisi and Cao, Qing  and Si, Weisheng },
  booktitle={Proc. of International Conference on {INFOCOM}},
  title={Adaptive Path Tracing with Programmable Bloom Filters in Software-Defined Networks},
  publisher = {IEEE},
  year={2019},
  pages={496--504},
  } 
@InProceedings{   7987351,
  author  = { Kim, Jinhwan and Oh, Bong-Hwan  and Lee, Jaiyong },
  title   = {Receive Buffer based Path Management for MPTCP in heterogeneous networks},
  booktitle = {Proc. of International Conference on {IM}},
  publisher = {IFIP/IEEE},
  year    = {2017},
  pages   = {648--651},
 }
@InProceedings{   zhang2016sampo,
  title   = {SAMPO: Online subflow association for multipath TCP with partial flow records},
  author  = {Zhang, Yang and Mekky, Hesham and Zhang, Zhi-Li and Hao, Fang and Mukherjee, Sarit and Lakshman, TV},
  booktitle = {Proc. of International Conference on {INFOCOM}},
  pages   = {1--9},
  publisher = {IEEE},
  year    = {2016}}
@InProceedings{   sonkoly2014sdn,
  title   = {SDN based testbeds for evaluating and promoting multipath tcp},
  author  = {Sonkoly, Bal{\'a}zs and N{\'e}meth, Felici{\'a}n and Csikor, Levente and Guly{\'a}s, L{\'a}szl{\'o} and Guly{\'a}s, Andr{\'a}s},
  booktitle = {Proc. of International Conference on {ICC}},
  pages   = {3044--3050},
  year    = {2014},
  publisher = {IFIP/IEEE}}
@InProceedings{   phemius2014disco,
  title   = {{Disco:} Distributed multi-domain {SDN} controllers},
  author  = {Phemius, K{\'e}vin and Bouet, Mathieu and Leguay, J{\'e}r{\'e}mie},
  booktitle = {Proc. of International Conference on {NOMS}},
  pages   = {1--4},
  year    = {2014},
  publisher = {IFIP/IEEE}}
@InProceedings{   desai2010clf,
  author  = {Desai, Maulik and Nandagopal, Thyagarajan},
  title   = {Coping with Link Failures in Centralized Control Plane Architectures},
  booktitle = {Proc. of International Conference on {COMSNET}},
  year    = {2010},
  pages   = {79--88},
  publisher = {{IEEE}}}
@InProceedings{   santos2014decentralizing,
  title   = {Decentralizing {SDN}'s control plane},
  author  = {Santos, Mateus AS and Nunes, Bruno AA and Obraczka, Katia
  and Turletti, Thierry and De Oliveira, Bruno T and Margi,
  Cintia B},
  booktitle = {Proc. of International Conference on {LCN}},
  pages   = {402--405},
  year    = {2014},
  publisher  = {IEEE}}
@InProceedings{   8485963,
  author  = { Qin, Qiaofeng and Poularakis, Konstantinos and Iosifidis, George and Tassiulas, Leandros},
  title   = {SDN Controller Placement at the Edge: Optimizing Delay and Overheads},
  booktitle = {Proc. of International Conference on {INFOCOM}},
  year    = {2018},
  pages   = {684--692}}
@InProceedings{   8416295,
  author  = { Canini, Marco and Salem, Iosif and Schiff, Liron  and Schiller, Elad Michael and Schmid, Stefan},
  title   = {Renaissance: A Self-Stabilizing Distributed SDN Control Plane},
  booktitle = {Proc. of International Conference on {ICDCS}},
  year    = {2018},
  pages   = {233--243},
  publisher  = {IEEE}}
@InProceedings{   7114738,
  author  = {Mohammadkhan, Ali and Ghapani, Sheida and Liu, Guyue and
      Zhang, Wei and Ramakrishnan, K. K. and Wood, Timothy},
  title   = {Virtual function placement and traffic steering in flexible and dynamic software defined networks},
  booktitle = {Proc. of International Workshop on {LAN/MAN}}, 
  publisher = {IEEE},
  year    = {2015},
  pages   = {1--6}}
@InProceedings{   8816831,
  author  = {Wion, Adrien  ; Bouet, Mathieu and Iannone, Luigi and Conan, Vania },
  booktitle = {Proc. of International Conference on Networking},
  title   = {Let there be Chaining: How to Augment your IGP to Chain your Services},
  year    = {2019},
  publisher={IFIP},
  pages   = {1--9},
  month   = {May}}
@InProceedings{8697022,
  author={{HÃ¤tÃ¶nen}, Seppo and {Savolainen}, Petri and {Rao}, Ashwin and {Flinck}, Hannu and {Tarkoma}, Sasu},
  booktitle={Proc. of International Conference on Networking}, 
  title={{SWIFT:} Bringing SDN-Based Flow Management to Commodity Wi-Fi Access Points}, 
  year={2018},
  publisher={IFIP},
  pages={1--9}}
@InProceedings{   8696424,
  author  = { Duchene, Fabien and Lebrun, David and Bonaventure, Olivier},
  booktitle = {Proc. of International Conference of Networking},
  title   = {{SRv6Pipes:} enabling in-network bytestream functions},
  year    = {2018},
  pages   = {1--9},
  publisher={IFIP}}

@InProceedings{   gradinariu2000self,
  title   = {Self-stabilizing vertex coloring of arbitrary graphs},
  author  = {Gradinariu, Maria and Tixeuil, S{\'e}bastien and others},
  booktitle = {Proc. of International Conference on {OPODIS}},
  pages   = {55--70},
  year    = {2000},
  publisher={Springer}}

@InProceedings{mckeown2008openflow,
  title   = {OpenFlow: enabling innovation in campus networks},
  author  = {McKeown, Nick and Anderson, Tom and Balakrishnan, Hari and Parulkar, Guru and Peterson, Larry and Rexford, Jennifer and Shenker, Scott and Turner, Jonathan},
  booktitle = {Proc. International Conference of {SIGCOMM}},
  pages   = {69--74},
  year    = {2008},
  publisher = {ACM}}

@InProceedings{   feamster2014road,
  title   = {The road to {SDN}: an intellectual history of programmable Networks},
  author  = {Feamster, Nick and Rexford, Jennifer and Zegura, Ellen},
  booktitle = {Proc. International Conference of {SIGCOMM}},
  pages   = {87--98},
  year    = {2014},
  publisher = {ACM}}