@Article{   yu2011scalable,
  title   = {Scalable flow-based networking with {DIFANE}},
  author  = {Yu, Minlan and Rexford, Jennifer and Freedman, Michael J
      and Wang, Jia},
  journal = {ACM SIGCOMM Computer Communication Review},
  volume  = {41},
  number  = {4},
  pages   = {351--362},
  year    = {2011},
  publisher = {ACM}}
@Article{   qazi2013simple,
  title   = {{SIMPLE}-fying middlebox policy enforcement using {SDN}},
  author  = {Qazi, Zafar Ayyub and Tu, Cheng-Chun and Chiang, Luis and
      Miao, Rui and Sekar, Vyas and Yu, Minlan},
  journal = {ACM {SIGCOMM} computer communication review},
  volume  = {43},
  number  = {4},
  pages   = {27--38},
  year    = {2013},
  publisher = {ACM}
}

@Article{NOUR201995,
	title = {A survey of Internet of Things communication using ICN: A use case perspective},
	journal = {Elsevier Computer Communications},
	volume = {142-143},
	pages = {95--123},
	year = {2019},
	author = {Nour, Boubakr and Sharif, Kashif and Li, Fan  and Biswas, Sujit  and Moungla, Hassine  and Guizani, Mohsen  and Wang, Yu },
  publisher = {Elsevier}}
@Article{   nunes2014survey,
  author  = { Nunes, Bruno Astuto A.  and Mendonca, Marc and Nguyen, Xuan-Nam  and Obraczka, Katia and Turletti, Thierry},
  journal = {IEEE Communications Surveys Tutorials},
  title   = {A Survey of Software-Defined Networking: Past, Present, and Future of Programmable Networks},
  year    = {2014},
  volume  = {16},
  number  = {3},
  pages   = {1617--1634}}
@Article{   clark:1988:dpd:52325.52336,
  author  = {Clark, David},
  title   = {The Design Philosophy of the {DARPA} Internet Protocols},
  journal = {SIGCOMM Computer Communication Review},
  month  = {August},
  year= {1988},
  volume  = {18},
  number  = {4},
  pages   = {106--114},
  publisher = {ACM},
  address = {New York, NY, USA}}
@Article{   kreutz2015software,
	title   = {Software-defined networking: A comprehensive survey},
	author  = {Kreutz, Diego and Ramos, Fernando MV and Verissimo, Paulo Esteves and Rothenberg, Christian Esteve and Azodolmolky, Siamak and Uhlig, Steve},
	journal = {Proceedings of the IEEE},
	volume  = {103},
	number  = {1},
	pages   = {14--76},
	year    = {2015},
	publisher = {IEEE}}
@Book{el2017smartphone,
  title={Smartphone: the ultimate IoT and IoE device},
  author={El Khaddar, Mehdia Ajana and Boulmalf, Mohammed},
  journal={Smartphones from an applied research perspective},
  pages={137},
  year={2017},
  publisher={BoD--Books on Demand}}
@Article{   doi:10.1080/1206212X.2018.1455020,
  author  = {Tongguang Zhang and Shuai Zhao and Bo Cheng and Bingfei Ren and Junliang Chen},
  title   = {Research, implementation, and improvement of {MPTCP} on mobile smart devices},
  journal = {Taylor \& Francis International Journal of Computers and Applications},
  volume  = {41},
  number  = {6},
  pages   = {407--417},
  year    = {2019},
  publisher = {Taylor \& Francis},
  }
@Article{Mohan2019IsTG,
  title={Is two greater than one?: Analyzing Multipath {TCP} over Dual-{LTE} in the Wild},
  author={Mohan, Nitinder and Shreedhar, Tanya and Zavodovski, Aleksandr and Kangasharju, Jussi and Kaul, Sanjit K. },
  journal={ArXiv},
  year={2019},
  volume={abs/1909.02601}}
@Article{   cao2016receiver,
  title   = {Receiver-centric Buffer Blocking-aware Multipath Data Distribution in {MPTCP}-based Heterogeneous Wireless Networks},
  author  = {Cao, Yuanlong and Liu, Qinghua and Zuo, Yi and Ke, Fenfen and Wang, Hao and Huang, Minghe},
  journal = {KSII Transaction on Internet \& Information Systems},
  volume  = {10},
  number  = {10},
  year    = {2016}}
@Article{   peng2016multipath,
  title   = {Multipath {TCP}: Analysis, design, and implementation},
  author  = {Peng, Qiuyu and Walid, Anwar and Hwang, Jaehyun and Low, Steven H},
  journal = {IEEE/ACM Transaction on Networking (ToN)},
  volume  = {24},
  number  = {1},
  pages   = {596--609},
  year    = {2016},
  publisher = {IEEE Press}}
@Article{   khalili2013mptcp,
  title   = {{{MPTCP} is not pareto-optimal: performance issues and a possible solution}},
  author  = {Khalili, Ramin and Gast, Nicolas and Popovic, Miroslav and Le Boudec, Jean-Yves},
  journal = {IEEE/ACM Transaction on Networking},
  volume  = {21},
  number  = {5},
  pages   = {1651--1665},
  year    = {2013},
  publisher = {IEEE}}
@Article{   oh2015constraint,
  title   = {Constraint-based proactive scheduling for {MPTCP} in wireless networks},
  author  = {Oh, Bong-Hwan and Lee, Jaiyong},
  journal = {Computer Networks},
  volume  = {91},
  pages   = {548--563},
  year    = {2015},
  publisher = {Elsevier}}
@Article{   diego2014sdn,
  author  = {Kreutz, Diego  and Ramos, Fernando M. V.  and Ver{\'{\i}}ssimo, Paulo and Rothenberg, Christian Esteve and Azodolmolky, Siamak and Uhlig, Steve },
  title   = {{Software-Defined Networking:} {A} Comprehensive Survey},
  journal = {CoRR},
  volume  = {abs/1406.0440},
  year    = {2014}}
@Article{   ozdag2012intel,
  title   = {Intel{\textregistered} Ethernet Switch {FM6000} Series-Software Defined Networking},
  author  = {Ozdag, Recep},
  journal = {See goo.gl/AnvOvX},
  pages   = {5},
  year    = {2012}}
@Article{   sezer2013we,
  title   = {Are we ready for {SDN}? Implementation challenges for software-defined networks},
  author  = {Sezer, Sakir and Scott-Hayward, Sandra and Chouhan,
  Pushpinder Kaur and Fraser, Barbara and Lake, David and
  Finnegan, Jim and Viljoen, Niel and Miller, Marc and Rao,
  Navneet},
  journal = {IEEE Communications Magazine},
  volume  = {51},
  number  = {7},
  pages   = {36--43},
  year    = {2013},
  publisher = {IEEE}
  }
@Article{   baktir2017can,
  title   = {How can edge computing benefit from software-defined networking: a survey, use cases, and future directions},
  author  = {Baktir, Ahmet Cihat and Ozgovde, Atay and Ersoy, Cem},
  journal = {IEEE Communication Surveys \& Tutorials},
  pages   = {2359--2391},
  year    = {2017},
  publisher = {IEEE}}
@Article{   vaquero2014finding,
  title   = {Finding your way in the fog: Towards a comprehensive definition of fog computing},
  author  = {Vaquero, Luis M and Rodero-Merino, Luis},
  journal = {SIGCOMM Computer Communication Review},
  pages   = {27--32},
  year    = {2014},
  publisher = {ACM}}
@Article{   chiang2017clarifying,
  title   = {Clarifying fog computing and networking: 10 questions and answers},
  author  = {Chiang, Mung and Ha, Sangtae and Chih-Lin, I and Risso, Fulvio and Zhang, Tao},
  journal = {IEEE Communication Magazine},
  pages   = {18--20},
  year    = {2017},
  publisher = {IEEE}}
@Article{   Shafiq2013Dec,
  author  = {Shafiq, M. Zubair and Ji, Lusheng and Liu, Alex X. and
  Pang, Jeffrey and Wang, Jia},
  title   = {{Large-Scale Measurement and Characterization of Cellular
  Machine-to-Machine Traffic}},
  journal = {IEEE/ACM Transaction on Networking},
  publisher = {IEEE},
  year    = {2013},
  pages   = {1960--1973},
	}
@Article{   kaiwartya2018virtualization,
  title   = {Virtualization in wireless sensor networks: fault tolerant embedding for internet of things},
  author  = {Kaiwartya, Omprakash and Abdullah, Abdul Hanan and Cao,
  Yue and Lloret, Jaime and Kumar, Sushil and Shah, Rajiv
  Ratn and Prasad, Mukesh and Prakash, Shiv},
  journal = {IEEE Internet of Things Journal},
  pages   = {571--580},
  year    = {2018},
  publisher = {IEEE}}
@Article{   tang2018intelligent,
  title   = {An Intelligent Traffic Load Prediction Based Adaptive Channel Assignment Algorithm in {SDN-IoT}: A Deep Learning Approach},
  author  = {Tang, Fengxiao and Fadlullah, Zubair Md and Mao, Bomin and Kato, Nei},
  journal = {IEEE Internet of Things Journal},
  year    = {2018},
  publisher = {IEEE}}
@PhDThesis{   panda:eecs-2017-141,
  author  = {Panda, Aurojit},
  title   = {A New Approach to Network Function Virtualization},
  school  = {EECS Department, University of California, Berkeley},
  year    = {2017},
  month   = {Aug},
  }
@Article{   7123563,
  author  = { Al-Fuqaha, Ala and Guizani, Mohsen and Mohammadi, Mehdi and Aledhari, Mohammed and Ayyash, Moussa},
  title   = {Internet of Things: A Survey on Enabling Technologies, Protocols, and Applications},
  journal = {IEEE Communications Surveys Tutorials},
  publisher = {IEEE},
  year    = {2015},
  volume  = {17},
  number  = {4},
  pages   = {2347--2376},
	}
@Article{DBLP:journals/cn/AtzoriIM10,
  title = {The Internet of Things: A survey},
  journal = {Elsevier Computer Networks},
  volume = {54},
  number = {15},
  pages = {2787--2805},
  year = {2010},
  author = {Luigi Atzori and Antonio Iera and Giacomo Morabito}}
@MastersThesis{   wahlfrid2017forming,
  title   = {Forming Emergent Configurations in Smart Office IoT Systems},
  author  = {Wahlfrid, Jonas and Ireng{\aa}rd Gullstrand, Simon},
  year    = {2017},
  school = {Malm{\"o} h{\"o}gskola/Teknik och samh{\"a}lle}}
@Article{10.1016/j.jnca.2016.09.005,
	author = {Habib, Sana and Qadir, Junaid and Ali, Anwaar and Habib, Durdana and Li, Ming and Sathiaseelan, Arjuna},
	title = {The Past, Present, and Future of Transport-Layer Multipath},
	journal = {Academic Press Journal of Network and Computer Application},
	publisher = {Academic Press Ltd.},
	year = {2016},
	volume = {75},
	number = {C},
	pages = {236â€“-258},
	month={Nov},
  	}
@Article{8786240,
  author={Polese, Michele and Chiariotti, Federico and Bonetto, Elia and Rigotto, Filippo and  Zanella, Andrea and Zorzi, Michele},
  journal={IEEE Communications Surveys \& Tutorials}, 
  title={A Survey on Recent Advances in Transport Layer Protocols}, 
  year={2019},
  volume={21},
  number={4},
  pages={3584--3608},}
@Article{THOMAS2020264,
	title = {Multipath congestion control with network assistance},
	journal = {Elsevier Computer Communications},
	volume = {153},
	pages = {264--278},
	year = {2020},
	author = {Thomas, Yannis  and Xylomenos, George  and Polyzos, George C. },
	}
@Article{   congestion_survey,
  author  = { Xu, Changqiao  and Zhao, Jia  and Muntean, Gabriel-Miro  },
  journal = {IEEE Communication Surveys \& Tutorials},
  title   = {{Congestion Control Design for Multipath Transport Protocols: A Survey}},
  year    = {2016},
  volume  = {18},
  number  = {4},
  pages   = {2948--2969},
  month   = {Fourthquarter}}
@Article{zhou20189,
	title = {A survey on network data collection},
	journal = {Elsevier Journal of Network and Computer Applications},
	volume = {116},
	pages = {9--23},
	year = {2018},
	author = {Donghao Zhou and Zheng Yan and Yulong Fu and Zhen Yao},
	}
@Article{YOUSEFPOUR2019289,
	title = {All one needs to know about fog computing and related edge computing paradigms: A complete survey},
	journal = {Elsevier Journal of Systems Architecture},
	volume = {98},
	pages = {289--330},
	year = {2019},
	author = {Yousefpour, Ashkan  and Fung, Caleb  and Nguyen, Tam  and Kadiyala, Krishna  and Jalali, Fatemeh  and Niakanlahiji, Amirreza and Kong, Jian and Jue, Jason P. },
	}
@Article{KHAN2019219,
	title = {Edge computing: A survey},
	journal = {Elsevier Future Generation Computer Systems},
	volume = {97},
	pages = {219--235},
	year = {2019},
	author = {Wazir Zada Khan and Ejaz Ahmed and Saqib Hakak and Ibrar Yaqoob and Arif Ahmed},
	}
@Article{8444370,
	author={{Naha}, Ranesh Kumar and {Garg}, Saurabh and {Georgakopoulos}, Dimitrios and {Jayaraman}, Prem Prakash and {Gao},  Longxiang and {Xiang}, Yong and {Ranjan}, Rajiv},
	title={Fog Computing: Survey of Trends, Architectures, Requirements, and Research Directions},
	journal={IEEE Access},
	publisher ={IEEE},
	year={2018},
	volume={6},
	pages={47980--48009},}
@Article{   8423800,
  author  = {IEEE},
  title   = {IEEE Standard for Adoption of OpenFog Reference Architecture for Fog Computing},
  journal = {IEEE Std 1934-2018},
  year    = {2018},
  pages   = {1--176},
  month = {August},
 }
@ARTICLE{8392781,
  author={Pei, Jianing  and Hong, Peilin  and Xue, Kaiping  and Li, Defang},
  title={Resource Aware Routing for Service Function Chains in SDN and NFV-Enabled Network}, 
  journal={IEEE Transactions on Services Computing}, 
  publisher = {IEEE},
  year={2018},
  pages={1--1},}
@ARTICLE{8932445,
  author={Pei, Jianing  and Hong, Peilin and  Pan, Miao  and Liu, Jiangqing and Zhou, Jingsong},
  journal={IEEE Journal on Selected Areas in Communications}, 
  title={Optimal VNF Placement via Deep Reinforcement Learning in SDN/NFV-Enabled Networks}, 
  year={2020},
  volume={38},
  number={2},
  pages={263--278},}
@incollection{GORANSSON201739,
  editor ={{GÃ¶ransson}, Paul and  Black, Chuck and Culver,  Timothy},
  title = {Chapter 3 - Genesis of SDN},
  booktitle = {Software Defined Networks (Second Edition)},
  publisher = {Morgan Kaufmann},
  edition = {Second Edition},
  address = {Boston},
  year = {2017},
  pages = {39--60},
  }
@Article{campbell1999survey,
  title={A survey of programmable networks},
  author={Campbell, Andrew T and De Meer, Herman G and Kounavis, Michael E and Miki, Kazuho and Vicente, John B and Villela, Daniel},
  journal={ACM SIGCOMM Computer Communication Review},
  volume={29},
  number={2},
  pages={7--23},
  year={1999},
  publisher={ACM New York, NY, USA}}
@incollection{GORANSSON2017241,
	title = {Chapter 10 - Network Functions Virtualization},
	editor ={{GÃ¶ransson}, Paul and  Black, Chuck and Culver,  Timothy},
	booktitle = {Software Defined Networks (Second Edition)},
	publisher = {Morgan Kaufmann},
	edition = {Second Edition},
	address = {Boston},
	pages = {241--252},
	year = {2017},
	author = {Paul GÃ¶ransson and Chuck Black and Timothy Culver}}
@Article{8723306,
  author={ Nam, Jaehyun and Jo, Hyeonseong and Kim, Yeonkeun and Porras, Phillip and Yegneswaran, Vinod and Shin, Seungwon  },
  journal={IEEE/ACM Transactions on Networking}, 
  title={Operator-Defined Reconfigurable Network OS for Software-Defined Networks}, 
  year={2019},
  volume={27},
  number={3},
  pages={1206--1219},}
@Article{improving2013kim,
	author = {Kim, Hyojoon and Feamster, Nick},
	year = {2013},
	month = {01},
	pages = {114--119},
	title = {Improving network management with software defined networking},
	volume = {51},
	journal = {IEEE Communications Magazine}
	}
@Article{bgpsurvey2010butler,
	author = {Butler, Kevin and Farley, Toni and McDaniel, Patrick and Rexford, Jennifer},
	year = {2010},
	month = {02},
	pages = {100--122},
	title = {A Survey of BGP Security Issues and Solutions},
	volume = {98},
	journal = {Proceedings of the IEEE},
	}
@Article{10.1145/2656877.2656890,
  author = {Bosshart, Pat and Daly, Dan and Gibb, Glen and Izzard, Martin and McKeown, Nick and Rexford, Jennifer and Schlesinger, Cole and Talayco, Dan and Vahdat, Amin and Varghese, George and Walker, David},
  title = {P4: Programming Protocol-Independent Packet Processors},
  journal = {{ACM} SIGCOMM Computer Communication Review}, 
  publisher = {Association for Computing Machinery},
  year = {2014},
  volume = {44},
  number = {3},
  pages = {87â€“95},
  }
@Article{DBLP:journals/ife/GessertWFR17,
  author    = {Felix Gessert an Wolfram Wingerath and Steffen Friedrich and Norbert Ritter},
  title     = {NoSQL database systems: a survey and decision guidance},
  journal   = {Springer Computer Science - R{\&}D},
  volume    = {32},
  number    = {3-4},
  pages     = {353--365},
  year      = {2017}}
@Article{10.1145/2875951.2875957,
	author = {Schiff, Liron and Schmid, Stefan and Kuznetsov, Petr},
	title = {In-Band Synchronization for Distributed {SDN} Control Planes},
	journal = {ACM SIGCOMM Computer Communication Review},
	publisher = {ACM},
	year = {2016},
	volume = {46},
	number = {1},
	pages = {37â€“43},
	}
@Article{8360763,
  author={{Amin}, Rashid and {Reisslein}, Martin and {Shah}, Nadir},
  title={Hybrid {SDN} Networks: A Survey of Existing Approaches}, 
  journal={IEEE Communications Surveys \& Tutorials}, 
  publisher = {IEEE},
  year={2018},
  volume={20},
  number={4},
  pages={3259--3306},}
@Article{AWAN20191,
	title = {An improved mechanism for flow rule installation in-band SDN},
	journal = {Elsevier Journal of Systems Architecture},
	volume = {96},
	pages = {1--19},
	year = {2019},
	author = {Israr Iqbal Awan and Nadir Shah and Muhammad Imran and Muhammad Shoaib and Nasir Saeed},
	}
@Article{8624502,
  author={Qiu, Kun and Yuan, Jing and Zhao, Jin and Wang, Xin and Secci, Stefano and Fu, Xiaoming},
  journal={IEEE Journal on Selected Areas in Communications}, 
  title={FastRule: Efficient Flow Entry Updates for TCAM-Based OpenFlow Switches}, 
  year={2019},
  volume={37},
  number={3},
  pages={484--498},}
@Article{XU2019106891,
	title = {Reducing controller response time with hybrid routing in software defined networks},
	journal = {Elsevier Computer Networks},
	volume = {164},
	pages = {106891},
	year = {2019},
	author = {Xu, Hongli and Liu, Jianchun and Qian, Chen and Huang, He and Qiao, Chunming},
	}
@Article{GOTO2019106892,
	title = {Queueing analysis of software defined network with realistic OpenFlowâ€“based switch model},
	journal = {Elsevier Computer Networks},
	volume = {164},
	pages = {106--892},
	year = {2019},
	author = {Goto, Yuki and Ng, Bryan and Seah, Winston K.G. and Takahashi, Yutaka},
	}
@Article{FERNANDES2020102685,
	title = {The road to BOFUSS: The basic OpenFlow userspace software switch},
	journal = {Elsevier Journal of Network and Computer Applications},
	volume = {165},
	pages = {102--685},
	year = {2020},
	author = {Fernandes, Eder LeÃ£o  and Rojas, Elisa  and Alvarez-Horcajo, Joaquin and Kis, ZoltÃ n Lajos and Sanvito, Davide and Bonelli, Nicola and Cascone, Carmelo and Rothenberg, Christian E.},
	}
@Article{8892539,
  author={{HÃ¤tÃ¶nen}, Seppo and {ul Huque}, Md Tanvir Ishtaique and {Rao}, Ashwin and {Jourjon}, Guillaume and {Gramoli}, Vincent and {Tarkoma}, Sasu},
  journal={{IEEE} Networking Letters}, 
  title={An SDN Perspective on Multi-Connectivity and Seamless Flow Migration}, 
  year={2020},
  volume={2},
  number={1},
  pages={19--22},}
@Article{7501614,
  author={{Caria}, Marcel and {Jukan}, Admela and {Hoffmann}, Marco},
  title={SDN Partitioning: A Centralized Control Plane for Distributed Routing Protocols}, 
  journal={IEEE Transactions on Network and Service Management}, 
  publisher = {IEEE},
  year={2016},
  volume={13},
  number={3},
  pages={381--393},}
@Article{TAJIKI2019106850,
	title = {Joint failure recovery, fault prevention, and energy-efficient resource management for real-time SFC in fog-supported SDN},
	journal = {Elsevier Computer Networks},
	volume = {162},
	pages = {106--850},
	year = {2019},
	author = {Tajiki, Mohammad M. and Shojafar, Mohammad and Akbari, Behzad and Salsano, Stefano and Conti, Mauro and Singhal, Mukesh},
	}
@Article{8701481,
  author={ Togou, Mohammed A.  and Chekired, Djabir A.  and Khoukhi, Lyes and Muntean, Gabriel-Miro  },
  journal={IEEE Transactions on Network and Service Management}, 
  title={A Hierarchical Distributed Control Plane for Path Computation Scalability in Large Scale Software-Defined Networks}, 
  year={2019},
  volume={16},
  number={3},
  pages={1019--1031},}
@Article{   bannour2018distributed,
  title   = {Distributed SDN control: Survey, taxonomy, and challenges},
  author  = {Bannour, Fetia and Souihi, Sami and Mellouk, Abdelhamid},
  journal = {IEEE Communications Surveys \& Tutorials},
  volume  = {20},
  number  = {1},
  pages   = {333--354},
  year    = {2018},
  publisher = {IEEE}}
@Article{8957348,
  author={ Xia, Wenchao and Zhang, Jun and Quek, Tony Q. S. and Jin, Shi and Zhu, Hongbo },
  journal={IEEE Vehicular Technology Magazine}, 
  title={Mobile Edge Cloud-Based Industrial Internet of Things: Improving Edge Intelligence With Hierarchical SDN Controllers}, 
  year={2020},
  volume={15},
  number={1},
  pages={36--45},}
@Article{8424018,
  author={Farris, Ivan and Taleb, Tarik and Khettab, Yacine and Song, Jaeseung},
  title={A Survey on Emerging SDN and NFV Security Mechanisms for IoT Systems}, 
  journal={IEEE Communications Surveys   Tutorials}, 
  publisher = {IEEE},
  year={2019},
  volume={21},
  number={1},
  pages={812--837},}
@Article{doi:10.1002/cpe.4978,
  author = {Conti, Mauro and Kaliyar, Pallavi and Lal, Chhagan},
  title = {{CENSOR:} Cloud-enabled secure IoT architecture over {SDN} paradigm},
  journal = {Wiley Concurrency and Computation: Practice and Experience},
  volume = {31},
  number = {8},
  pages = {e4978},
  year = {2019}
  }
@Article{NADJARANTOOSI2019108,
	title = {{ElasticSFC:} Auto-scaling techniques for elastic service function chaining in network functions virtualization-based clouds},
	journal = {Journal of Systems and Software},
	volume = {152},
	pages = {108--119},
	year = {2019},
	author = {Toosi, Adel N. and Son, Jungmin and Chi, Qinghua and Buyya, Rajkumar},
	}
@Article{8598769, 
	author={ Otokura, Mari and Leibnitz, Kenji and Koizumi, Yuki and Kominami, Daichi and Shimokawa, Tetsuya and Murata, Masayuki}, 
	journal={IEEE Transactions on Network and Service Management}, 
	title={Evolvable Virtual Network Function Placement Method: Mechanism and Performance Evaluation},
	year={2019},
	volume={16},
	number={1},
	pages={27--40},} 
@Article{YI201951,
	title = {A multi-criteria decision approach for minimizing the influence of VNF migration},
	journal = {Elsevier Computer Networks},
	volume = {159},
	pages = {51--62},
	year = {2019},
	author = {Bo Yi and Xingwei Wang and Min Huang and Anwei Dong},
	}
@Article{TOLGABAGCI2019106845,
	title = {SDN-enabled distributed open exchange: Dynamic QoS-path optimization in multi-operator services},
	journal = {Elsevier Computer Networks},
	volume = {162},
	pages = {106845},
	year = {2019},
	author = {Bagci, K. Tolga and Tekalp, A. Murat},
	}
@Article{   LI20141,
  title   = {Tolerating path heterogeneity in multipath TCP with bounded receive buffers},
  journal = {Computer Networks},
  volume  = {64},
  pages   = {1--14},
  year    = {2014},
  author  = {Ming Li and Andrey Lukyanenko and Sasu Tarkoma and Yong Cui and Antti {YlÃƒâ‚¬-JÃƒâ‚¬Ãƒâ‚¬ski}}}
@Article{   xue2017migrating,
  title   = {Migrating unfairness among subflows in MPTCP with network coding for wired--wireless networks},
  author  = {Xue, Kaiping and Han, Jiangping and Zhang, Hong and Chen, Ke and Hong, Peilin},
  journal = {IEEE Transactions on Vehicular Technology},
  volume  = {66},
  number  = {1},
  pages   = {798--809},
  year    = {2017}}
@Article{   wang2015paths,
  title   = {Paths selection-based resequencing queue length in concurrent multipath transfer},
  author  = {Wang, Fenghua and Xie, Dongliang and Wang, Jingyu and Zhang, Peng and Shi, Yan},
  journal = {Wiley International Journal of Communication Systems},
  volume  = {28},
  number  = {11},
  pages   = {1805--1827},
  year    = {2015},
  publisher = {Wiley Online Library}}
@Article{   NAV:NAV3800220110,
  author  = {Salkin, Harvey M. and De Kluyver, Cornelis A.},
  title   = {The knapsack problem: A survey},
  journal = {Naval Research Logistics Quarterly},
  volume  = {22},
  number  = {1},
  publisher = {Wiley Subscription Services},
  pages   = {127--144},
  year    = {1975}}
@Article{   curtis2011devoflow,
  title   = {{DevoFlow:} Scaling flow management for high-performance networks},
  author  = {Curtis, Andrew R and Mogul, Jeffrey C and Tourrilhes, Jean
  and Yalagandula, Praveen and Sharma, Puneet and Banerjee,
  Sujata},
  journal = {ACM SIGCOMM Computer Communication Review},
  volume  = {41},
  pages   = {254--265},
  year    = {2011}}

@Article{   nemeth2013large,
  title   = {A large-scale multipath playground for experimenters and early adopters},
  author  = {N{\'e}meth, Felici{\'a}n and Sonkoly, Bal{\'a}zs and Csikor, Levente and Guly{\'a}s, Andr{\'a}s},
  journal = {ACM SIGCOMM Computer Communication Review},
  volume  = {43},
  number  = {4},
  pages   = {481--482},
  year    = {2013},
  organization  = {ACM}}
@Article{   yao2014capacitated,
  title   = {On the capacitated controller placement problem in software defined networks},
  author  = {Yao, Guang and Bi, Jun and Li, Yuliang and Guo, Luyi},
  journal = {IEEE Communications Letters},
  volume  = {18},
  number  = {8},
  pages   = {1339--1342},
  year    = {2014},
  publisher = {IEEE}}
@Article{   fei2014,
  author  = { Hu, Fei and Hao, Qi and Bao, Ke },
  journal = {IEEE Communications Surveys Tutorials},
  title   = {A Survey on Software-Defined Network and {OpenFlow}: From Concept to Implementation},
  year    = {2014},
  volume  = {16},
  number  = {4},
  pages   = {2181--2206}}
@Article{   dijkstra1974self,
  title   = {Self-stabilizing systems in spite of distributed control},
  author  = {Dijkstra, Edsger W},
  journal = {Communications of the ACM},
  volume  = {17},
  number  = {11},
  pages   = {643--644},
  year    = {1974},
  publisher = {ACM}}
@Article{   turau2007linear,
  title   = {Linear self-stabilizing algorithms for the independent and
  dominating set problems using an unfair distributed
  scheduler},
  author  = {Turau, Volker},
  journal = {Elsevier Information Processing Letters},
  volume  = {103},
  number  = {3},
  pages   = {88--93},
  year    = {2007},
  publisher = {Elsevier}}
@Article{   bierman2014restconf,
  title   = {{RESTCONF} protocol},
  author  = {Bierman, Andy and Bjorklund, Martin and Watsen, Kent and Fernando, Rex},
  journal = {IETF draft, work in progress},
  year    = {2014}}
@Article{   mysore2009psf,
  author  = {Niranjan Mysore, Radhika and Pamboris, Andreas and
  Farrington, Nathan and Huang, Nelson and Miri, Pardis and
  Radhakrishnan, Sivasankar and Subramanya, Vikram and
  Vahdat, Amin},
  title   = {PortLand: A Scalable Fault-tolerant Layer 2 Data Center Network Fabric},
  journal = {ACM SIGCOMM Computer Communication Review},
  month={Oct},
  volume  = {39},
  number  = {4},
  year    = {2009},
  pages   = {39--50},
  publisher = {ACM}}
@Article{   yeganeh2013scalability,
  title   = {On scalability of software-defined networking},
  author  = {Yeganeh, Soheil Hassas and Tootoonchian, Amin and Ganjali, Yashar},
  journal = {IEEE Communications Magazine,},
  volume  = {51},
  number  = {2},
  pages   = {136--141},
  year    = {2013},
  publisher = {IEEE}}
@Article{   dasilva2015189,
  title   = {Resilience support in software-defined networking: A survey },
  journal = {Elsevier Computer Networks },
  volume  = {92},
  number  = {1},
  pages   = {189--207},
  year    = {2015},
  author  = {da Silva, Anderson Santos  and Smith, Paul and Mauthe, Andreas and Schaeffer-Filho, Alberto }}
@Article{   ul2017large,
  title   = {Large-scale dynamic controller placement},
  author  = {ul Huque, Md Tanvir  and Si, Weisheng and Jourjon, Guillaume and Gramoli, Vincent},
  journal = {IEEE Transactions on Network and Service Management},
  pages   = {63--76},
  year    = {2017},
  publisher = {IEEE}}
@Article{   8468174,
  author  = { {GÃ¶rkemli}, Burak and {TatlÄ±cÄ±oÄŸlu}, Sinan and Tekalp, A. Murat  and Civanlar, Seyhan  and Lokman, Erhan },
  title   = {Dynamic Control Plane for SDN at Scale},
  journal = {IEEE Journal on Selected Areas in Communications},
  publisher = {IEEE},
  year    = {2018},
  volume  = {36},
  number  = {12},
  pages   = {2688--2701},
 }
@Article{   8480861,
  author  = { Kohler, Thomas and {DÃ¼rr}, Frank and Rothermel, Kurt},
  title   = {{ZeroSDN:} A Highly Flexible and Modular Architecture for Full-Range Distribution of Event-Based Network Control},
  journal = {IEEE Transactions on Network and Service Management},
  publisher = {IEEE},
  year    = {2018},
  volume  = {15},
  number  = {4},
  pages   = {1207--1221},
 }
@Article{   wilcoxon,
  author  = {Frank Wilcoxon},
  journal = {Biometrics Bulletin},
  pages   = {80--83},
  publisher = {[International Biometric Society, Wiley]},
  title   = {Individual Comparisons by Ranking Methods},
  year    = {1945}}
@Book{      makridakis2008forecasting,
  title   = {Forecasting methods and applications},
  author  = {Makridakis, Spyros and Wheelwright, Steven C and Hyndman, Rob J},
  year    = {2008},
  publisher = {John wiley \& sons}}
@Article{   de200625,
  title   = {25 years of time series forecasting},
  author  = {De Gooijer, Jan G and Hyndman, Rob J},
  journal = {Elsevier International Journal of Forecasting},
  volume  = {3},
  number  = {22},
  pages   = {443--473},
  year    = {2006}}
@Article{   Bhamare:2016:SSF:3043113.3062415,
  author  = {Bhamare, Deval and Jain, Raj and Samaka, Mohammed and Erbad, Aiman},
  title   = {A Survey on Service Function Chaining},
  journal = {Elsevier Journal of Network and Computer Applications},
  volume  = {75},
  number  = {C},
  month   = {Nov},
  year    = {2016},
  pages   = {138--155},}
@Article{   sun2018service,
  author  = {Sun, Gang and Li, Yayu and Liao, Dan and Chang, Victor},
  journal = {IEEE Transactions on Network and Service Management},
  title   = {Service Function Chain Orchestration Across Multiple Domains: A Full Mesh Aggregation Approach},
  year    = {2018},
  volume  = {15},
  number  = {3},
  pages   = {1175--1191},
  month   = {Sep}}
@Article{   DBLP:journals/corr/abs-1305-0209,
  author  = {Aaron Gember and Anand Krishnamurthy and Saul St. John and
  Robert Grandl and Xiaoyang Gao and Ashok Anand and
  Theophilus Benson and Aditya Akella and Vyas Sekar},
  title   = {Stratos: {A} Network-Aware Orchestration Layer for Middleboxes in the Cloud},
  journal = {arXiv CoRR},
  volume  = {abs/1305.0209},
  year    = {2013}}
@Article{   foster2011frenetic,
  title   = {Frenetic: A network programming language},
  author  = {Foster, Nate and Harrison, Rob and Freedman, Michael J and
  Monsanto, Christopher and Rexford, Jennifer and Story, Alec
  and Walker, David},
  booktitle = {ACM Sigplan Notices},
  volume  = {46},
  pages   = {279--291},
  year    = {2011},
  publisher  = {ACM}}
@Article{   dixit2013towards,
  title   = {Towards an elastic distributed {SDN} controller},
  author  = {Dixit, Advait and Hao, Fang and Mukherjee, Sarit and Lakshman, TV and Kompella, Ramana},
  journal = {ACM SIGCOMM Computer Communication Review},
  volume  = {43},
  pages   = {7--12},
  year    = {2013},
  publisher  = {ACM}}
@Article{   ballani2007conman,
  title   = {CONMan: a step towards network manageability},
  author  = {Ballani, Hitesh and Francis, Paul},
  journal = {ACM SIGCOMM Computer Communication Review},
  volume  = {37},
  pages   = {205--216},
  year    = {2007},
  publisher  = {ACM}}
@Article{   casado2007ethane,
  title   = {Ethane: Taking control of the enterprise},
  author  = {Casado, Martin and Freedman, Michael J and Pettit, Justin and Luo, Jianying and McKeown, Nick and Shenker, Scott},
  journal = {ACM SIGCOMM Computer Communication Review},
  volume  = {37},
  pages   = {1--12},
  year    = {2007},
  publisher = {ACM}}
@Article{   levin2013incremental,
  title   = {Incremental {SDN} deployment in enterprise networks},
  author  = {Levin, Dan and Canini, Marco and Schmid, Stefan and Feldmann, Anja},
  journal = {ACM SIGCOMM Computer Communication Review},
  volume  = {43},
  pages   = {473--474},
  year    = {2013},
  publisher = {ACM}}
@Article{   gember2015opennf,
  title   = {{OpenNF}: Enabling innovation in network function control},
  author  = {Gember-Jacobson, Aaron and Viswanathan, Raajay and
  Prakash, Chaithan and Grandl, Robert and Khalid, Junaid and
  Das, Sourav and Akella, Aditya},
  journal = {ACM SIGCOMM Computer Communication Review},
  volume  = {44},
  number  = {4},
  pages   = {163--174},
  year    = {2015},
  publisher = {ACM}}
@Article{   8058439,
  author  = { Ghaznavi, Milad and Shahriar, Nashid and Kamali, Shahin and Ahmed, Reaz and Boutaba, Raouf},
  title   = {Distributed Service Function Chaining},
  journal = {IEEE Journal on Selected Areas in Communications},
  publisher = {IEEE},
  year    = {2017},
  volume  = {35},
  number  = {11},
  pages   = {2479--2489},
 }
@Article{   8277175,
  author  = { Wang, Junxiao and Qi, Heng and Li, Keqiu and Zhou, Xiaobo},
  title   = {{PRSFC-IoT}: A Performance and Resource Aware Orchestration System of Service Function Chaining for Internet of Things},
  journal = {IEEE Internet of Things Journal},
  publisher = {IEEE},
  year    = {2018},
  volume  = {5},
  number  = {3},
  pages   = {1400--1410},
  month= {June},
 }
@Article{   8247219,
  author  = { Yang, Binxu and Chai, Wei Koong and Xu, Zichuan and Konstantinos, V. Katsaros and Pavlou, George  },
  title   = {Cost-Efficient NFV-Enabled Mobile Edge-Cloud for Low Latency Mobile Applications},
  journal = {IEEE Transactions on Network and Service Management},
  publisher ={IEEE},
  year    = {2018},
  volume  = {15},
  number  = {1},
  pages   = {475--488},
  month= {March},
 }
@Article{   8502709,
  author  = {Xu, Zichuan and Liang, Weifa and Jia, Mike and Huang, Meitian and Mao, Guoqiang },
  journal = {IEEE Transactions on Mobile Computing},
  title   = {Task Offloading with Network Function Requirements in a Mobile Edge-Cloud Network},
  year    = {2019},
  volume  = {18},
  number  = {11},
  pages   = {2672--2685},
  month   = {Nov}}
@Article{   6560419,
  author  = { Shafiq, M. Zubair and Ji, Lusheng and Liu, Alex X. and Pang, Jeffrey and Wang, Jia},
  journal = {IEEE/ACM Transactions on Networking},
  title   = {Large-Scale Measurement and Characterization of Cellular Machine-to-Machine Traffic},
  year    = {2013},
  volume  = {21},
  number  = {6},
  pages   = {1960--1973},
  month   = {Dec}}