@TechReport{   haeffner2015service,
  title   = {Service function chaining use cases in mobile networks},
  author  = {Walter Haeffner and Jeffrey Napper and Martin Stiemerling and Diego R. Lopez and Jim Uttaro},
  institution = {IETF-Draft},
  month   = {Jul},
  year    = {2020}}

@TechReport{      nsh,
  title   = {Network Service Header {(NSH)}},
  year    = {2019},
  month   = {Sept},
  institution = {IETF, RFC8300},
  author  = {Quinn, Paul and Uri, Elzur and Carlos, Pignataro}}

@TechReport{    sctp,
  title   = {Stream Control Transmission Protocol},
  author  = {Stewart, Randall and {Tüxen}, Michael and Proshin, Maksim},
  institution = {IETF, RFC4960},
  month   = {Sep},
  year    = {2007}}
@TechReport{    draftbalia,
  title   = {Balanced Linked Adaptation Congestion Control Algorithm for {MPTCP}},
  author  = {Walid, Anwar  and Peng, Qiuyu  and Low, Steven H.  and Hwang, Jaehyun },
  institution = {IETF-Draft},
  month   = {Jan},
  year    = {2016}}
@TechReport{	  draftMPDCCP,
  title		= {A multipath framework for {UDP} traffic over heterogeneous access networks},
  author	= {Bogenfeld, Eckard and Kassler, Andreas  and Amenda, Markus and Rakocevic, Veselin  and Brunstrom, Anna },
  institution	= {IETF-Draft},
  month		= {Jul},
  year		= {2020}}
@TechReport{    ford2011architectural,
  title   = {Architectural guidelines for multipath TCP development},
  author  = {Ford, Alan and Raiciu, Costin and Handley, Mark and Barre, Sebastien and Iyengar, J.},
  institution = {IETF, RFC6824},
  month   = {Jan},
  year    = {2011}}
@TechReport{    raiciu2011coupled,
  title   = {Coupled congestion control for multipath transport protocols},
  author  = {Raiciu, Costin and Handley, Mark and Wischik, Damon},
  institution = {IETF, RFC6356},
  year    = {2011}}
@TechReport{    presuhn2002version,
  title   = {Version 2 of the protocol operations for the simple network management protocol ({SNMP})},
  institution = {IETF, RFC3416},
  author  = {Presuhn, Randy and Case, Jeffrey and McCloghrie, Keith and Rose, Marshall T. and Waldbusser, Steven},
  year    = {2002}}
@TechReport{    rfc3584,
  title   = {Coexistence between Version 1, Version 2, and Version 3 of the Internet-standard Network Management Framework},
  author  = {Frye, Rob and  Levi, David B. and Wijnen, Bert and Routhier, Shawn A.},
  institution = {IETF, RFC3584},
  year    = {2003}}
@TechReport{    rfc7426,
  title   = {Software-Defined Networking (SDN): Layers and Architecture Terminology},
  author  = {Evangelos Haleplidis and Kostas Pentikousis and Spyros Denazis and Jamal Hadi Salim and David Meyer and Odysseas Koufopavlou},
  institution = {IETF, RFC7426},
  year    = {2015}}
@TechReport{    rfc5812,
  title   = {Forwarding and Control Element Separation ({ForCES}) Forwarding Element Model},
  author  = {Halpern, Joel M.  and Salim, Jamal Hadi },
  institution = {IETF, RFC5812},
  year    = {2010}}
@TechReport{    rfc6020,
  title   = {{{YANG} - A Data Modeling Language for the Network Configuration Protocol ({NETCONF})}},
  author  = {Björklund, Martin },
  institution = {IETF, RFC6020},
  year    = {2010}}
@TechReport{    rfc3418,
  title   = {{Management Information Base ({MIB}) for the Simple Network Management Protocol ({SNMP})}},
  author  = {Presuhn, Randy and Case, Jeffrey and McCloghrie, Keith and Rose, Marshall T. and Waldbusser, Steven},
  institution = {IETF, RFC3418},
  year    = {2002}}
@TechReport{    rfc826,
  title   = {{An Ethernet Address Resolution Protocol: Or Converting Network Protocol Addresses to 48.bit Ethernet Address for Transmission on Ethernet Hardware}},
  author={David C. Plummer},
  institution = {IETF, RFC826},
  year    = {1982}}
@TechReport{    rfc4957,
  title   = {{Link-Layer Event Notifications for Detecting Network Attachments}},
  author  = {Krishnan, Suresh  and Veerepalli, Siva  and Njedjou, Eric  and  Yegin, Alper E. and Montavont, Nicolas },
  institution = {IETF, RFC4957},
  year    = {2007}}
@TechReport{    rfc7047,
  title   = {{The Open vSwitch Database Management Protocol}},
  author  = {Pfaff, Ben  and Davie, Bruce },
  institution = {IETF, RFC7047},
  year    = {2013}}
@TechReport{    rfc6241,
  title   = {{Network Configuration Protocol ({NETCONF})}},
  author  = {{Enns}, Rob and {Björklund}, Martin  and Bierman, Andy  and {Schönwälder}, {Jürgen} },
  institution = {IETF, RFC6241},
  year    = {2011}}
@TechReport{    rfc3411,
  title   = {{An Architecture for Describing Simple Network Management Protocol ({SNMP}) Management Frameworks}},
  author  = {Harrington, David  and Wijnen, Bert  and Presuhn, Randy},
  institution = {IETF, RFC3411},
  year    = {2002}}
@TechReport{    rfc5810,
  title   = {{Forwarding and Control Element Separation ({ForCES}) Protocol Specification}},
  author  = {Halpern, Joel M.  and HAAS, Robert  and Doria, Avri  and Dong, Ligang  and Wang, Weiming  and Khosravi, Hormuzd M. and Salim, Jamal Hadi  and Gopal, Ram },
  institution = {IETF, RFC5810},
  year    = {2010}}
@TechReport{    rfc5531,
  title   = {{RPC:} Remote Procedure Call Protocol Specification Version 2},
  author  = {Thurlow, Robert },
  institution = {IETF, RFC5531},
  year    = {2009}}
@TechReport{    rfc6418,
  title   = {Multiple Interfaces and Provisioning Domains Problem Statement},
  author  = {Pierrick Seite and Marc Blanchet},
  institution = {IETF, RFC6418},
  month   = {Nov},
  year    = {2011}}

@Misc{    ciscomobilewhite,
  title   = {Cisco Visual Networking Index: Global Mobile Data Traffic Forecast Update, 2013–2018},
  institution = {Cisco},
  year    = {2014},
  optmonth  = {Feb},
  howpublished={\url{https://blogs.cisco.com/news/cisco-vni-global-mobile-data-forecast-update-2013-2018}},
  note    = {[Online; accessed 10 May, 2020]}}
@Misc{    ciscoglobalwhite,
  title   = {{Cisco Visual Networking Index: Forecast and Methodology,
      2013–2018}},
  institution = {Cisco},
  year    = {2014},
  opttype = {Cisco White Paper},
  optmonth  = {Feb},
  howpublished  = {\url{https://www.cisco.com/c/dam/m/en_in/innovation/enterprise/assets/mobile-white-paper-c11-520862.pdf}},
  note    = {[Online; accessed 10 May, 2020]}}

@Misc{      mobile:edge,
  title   = {{Mobile Edge Computing}},
  author  = {ETSI},
  year    = {2019},
  month   = {May},
  howpublished  = {\url{https://www.etsi.org/images/files/ETSITechnologyLeaflets/MobileEdgeComputing.pdf}},
  note    = {[Online; accessed 10 May, 2020]}}
@Misc{      etsi-mano,
  title   = {ETSI-Open Source MANO (OSM)},
  year    = {2020},
  month   = {Jan},
  author  = {ETSI},
  howpublished  = {\url{https://www.etsi.org/technologies/open-source-mano}},
  note    = {[Online; accessed 10 May, 2020]}}
@Misc{      mptcp_kernel,
  key   = {mptcp_kernel},
  title   = {{MultiPath {TCP} - Linux Kernel implementation}},
  howpublished  = {\url{https://multipath-tcp.org}},
  note    = {[Online; accessed 10 May, 2020]}}
@Misc{      mptcp-apple,
  title   = {Apple uses Multipath TCP},
  year    = {2018},
  month   = {Dec},
  howpublished  = {\url{http://blog.multipath-tcp.org/blog/html/2018/12/15/apple_and_multipath_tcp.html}},
  author  = {multipath-tcp.org},
  note    = {[Online; accessed 10 May, 2020]}}
@Misc{      iotdeployment,
  title   = {{Sigfox Canada launches world's largest {IoT} network with coast-to-coast availability}},
  author  = {IoT News},
  year    = {2019},
  month   = {May},
  howpublished  = {\url{https://www.iottechnews.com/news/2019/apr/09/sigfox-canada-launches-worlds-largest-iot-network-availability/}},
  note    = {[Online; accessed 10 May, 2020]}}
@Misc{      ipassonline,
  author  = {Cisco},
  title   = {VNI Forecast Highlights},
  howpublished  = {\url{http://www.cisco.com/web/solutions/sp/vni/vni_forecast_highlights/index.html}},
  note    = {[Online; accessed 10 May, 2020]}}
@Misc{      define:servicification,
  key   = {define:servicification},
  title   = {Servicification Definition},
  howpublished  = {\url{https://en.wiktionary.org/wiki/servicification}},
  note    = {[Online; accessed 10 May, 2020]}}
@Misc{      docker,
  title   = {{What is Docker?}},
  journal = {Docker},
  year    = {2018},
  month   = {Apr},
  author  = {Docker Inc.},
  howpublished  = {\url{https://www.docker.com/what-docker}},
  note    = {[Online; accessed 10 May, 2020]}}
@Misc{      iotdef,
  title   = {{Towards a definition of the Internet of Things({IoT})}},
  author  = {IEEE},
  year    = {2019},
  month   = {May},
  howpublished  = {\url{https://iot.ieee.org/definition.html}},
  note    = {[Online; accessed 10 May, 2020]}}
@Misc{      openflow1.3,
  author  = {ONF},
  title   = {{OpenFlow V 1.3}},
  note    = {[Online; accessed 10 May, 2020]},
  howpublished  = {\url{http://www.cisco.com/web/solutions/sp/vni/vni_forecast_highlights/index.html}}}
@Misc{      openflow,
  title   = {openflow-spec-v1.1.0},
  howpublished  = {\url{http://archive.openflow.org/documents/openflow-spec-v1.1.0.pdf}},
  note    = {[Online; accessed 10 May, 2020]}}
@Misc{      ofconfig,
  title   = {OpenFlow Management and Configuration Protocol},
  year    = {2019},
  month   = {Sept},
  author  = {Wikipedia},
  howpublished  = {\url{https://www.opennetworking.org/images/stories/downloads/sdn-resources/onf-specifications/openflow-config/of-config-1.2.pdf}},
  note    = {[Online; accessed 10 May, 2020]}}
@Misc{      rest,
  title   = {Representational state transfer},
  year    = {2019},
  month   = {Sept},
  author  = {Wikipedia},
  howpublished  = {\url{https://en.wikipedia.org/wiki/Representational_state_transfer}},
  note    = {[Online; accessed 10 May, 2020]}}
@Misc{      corba,
  title   = {Common Object Request Broker Architecture},
  year    = {2019},
  month   = {Sept},
  author  = {Wikipedia},
  howpublished  = {\url{https://en.wikipedia.org/wiki/Common_Object_Request_Broker_Architecture}},
  note    = {[Online; accessed 10 May, 2020]}}
@Misc{		  zodiac,
  title		= {{KSZ8795CLX}},
  author	= {Microchip Technology Inc},
  year		= {2016},
  month		= {May},
  howpublished  = {\url{http://ww1.microchip.com/downloads/en/DeviceDoc/00002112B.pdf}},
  note    = {[Online; accessed 10 May, 2020]}}
@Misc{		  pica8,
  title		= {{Pica 8 OpenFlow Supported Switch}},
  author	= {Pica8.org},
  year		= {2016},
  month		= {May},
  howpublished  = {\url{https://www.pica8.com/}},
  note    = {[Online; accessed 10 May, 2020]}}
@Misc{      dpdk,
  title   = {Home - DPDK},
  year    = {2019},
  month   = {Sept},
  author  = {Intel},
  howpublished  = {\url{https://www.dpdk.org/}},
  note    = {[Online; accessed 10 May, 2020]}}
@Misc{      openvswitch,
  author  = {OVS},
  title   = {{Open vSwitch}},
  howpublished  = {\url{http://openvswitch.org/}},
  note    = {[Online; accessed 10 May, 2020]}}
@Misc{      ns3,
  key   = {ns3},
  title   = {Ns-3.22 - Nsnam},
  howpublished  = {\url{https://www.nsnam.org/wiki/Ns-3.22}},
  note    = {[Online; accessed 10 May, 2020]}}
@Misc{      asdataset,
  key   = {asdataset},
  title   = {SNAP Autonomous systems {AS}-733 data set},
  howpublished  = {\url{http://snap.stanford.edu/data/as.html}},
  note    = {[Online; accessed 10 May, 2020]}}
@Misc{      oregondataset,
  key   = {oregondataset},
  title   = {SNAP Autonomous systems - Oregon-1 data set},
  howpublished  = {\url{http://snap.stanford.edu/data/oregon1.html}},
  note    = {[Online; accessed 10 May, 2020]}}
@Misc{      ovsdb,
  key   = {ovsdb},
  title   = {{Open vSwitch database server}},
  howpublished  = {\url{http://openvswitch.org/support/dist-docs/ovsdb-server.1.txt}},
  note    = {[Online; accessed 10 May, 2020]}}
@Misc{      multisitetopo,
  title   = {{Cisco ACI Multi-POD and Multi-Site Demystified}},
  author  = {Cisco},
  year    = {2019},
  month   = {May},
  howpublished  ={\url{https://netdesignarena.com/index.php/2018/07/01/cisco-aci-multi-pod-and-multi-site-demystified/}},
  note    = {[Online; accessed 10 May, 2020]}}
@Misc{      rocketfuel,
  title   = {{UW CSE {$\vert$} Systems Research {$\vert$} Rocketfuel}},
  year    = {2005},
  month   = {May},
  howpublished  = {\url{https://research.cs.washington.edu/networking/rocketfuel}},
  note    = {[Online; accessed 10 May, 2020]}}
@Misc{      opendaylight,
  title   = {{OpenDaylight}},
  howpublished  = {\url{http://www.opendaylight.org/}},
  note    = {[Online; accessed 10 May, 2020]}}
@Misc{      ryu,
  title   = {{Ryu 4.30 documentation}},
  author  = {ryu},
  year    = {2019},
  month   = {May},
  howpublished  = {\url{https://ryu.readthedocs.io/en/latest/}},
  note    = {[Online; accessed 10 May, 2020]}}
@Misc{      stress-ng,
  title   = {{stress-ng - a tool to load and stress a computer system}},
  author  = {stress-ng},
  year    = {2018},
  month   = {Jun},
  howpublished  = {\url{http://manpages.ubuntu.com/manpages/xenial/man1/stress-ng.1.html}},
  note    = {[Online; accessed 10 May, 2020]}}
@Misc{      kubernates,
  title   = {Production-Grade Container Orchestration -Kubernates},
  year    = {2019},
  month   = {Sept},
  author  = {Kubernates},
  howpublished  = {\url{https://kubernetes.io/}},
  note    = {[Online; accessed 10 May, 2020]}}
@Misc{      etsizerotouch,
  title   = {ETSI - ZSM - Zero touch network and service management},
  year    = {2019},
  month   = {Sept},
  author  = {ETSI},
  howpublished  = {\url{https://www.etsi.org/technologies/zero-touch-network-service-management}},
  note    = {[Online; accessed 10 May, 2020]}}
@Misc{      docker-py,
  title   = {Docker SDK for Python},
  year    = {2019},
  month   = {Sept},
  author  = {Docker Inc.},
  howpublished  = {\url{https://docker-py.readthedocs.io/en/stable/}},
  note    = {[Online; accessed 10 May, 2020]}}

