@inproceedings{chattopadhyay2017primary,
  keywords = {ownth},
  title={Primary Path Effect in Multi-Path {TCP}: How Serious Is It for Deployment Consideration?},
  author={Chattopadhyay, Subhrendu and Nandi, Sukumar and Shailendra, Samar and Chakraborty, Sandip},
  booktitle={Eigthteenth ACM International Symposium on Mobile Ad Hoc Networking and Computing (MobiHoc)},
  pages={36},
  year={2017},
}

@inproceedings{chattopadhyay2018improving,
  keywords = {ownth},
  title={Improving {MPTCP} Performance by Enabling Sub-Flow Selection over a {SDN} Supported Network},
  author={Chattopadhyay, Subhrendu and Shailendra, Samar and Nandi, Sukumar and Chakraborty, Sandip},
  booktitle={Fourteenth International Conference on Wireless and Mobile Computing, Networking and Communications (WiMob)},
  year={2018},
}

@inproceedings{chattopadhyay2017flipper,
  keywords = {ownth},
  title={Flipper: Fault-Tolerant Distributed Network Management and Control},
  author={Chattopadhyay, Subhrendu and Sett, Niladri and Nandi, Sukumar and Chakraborty, Sandip},
  booktitle={Fifteenth IFIP/IEEE International Symposium on Integrated Network Management (IM)},
  year={2017},
}

@inproceedings{chattopadhyay2018aloe,
  keywords = {ownth},
  title={Aloe: An Elastic Auto-Scaled and Self-stabilized Orchestration Framework for {IoT} Applications},
  author={Chattopadhyay, Subhrendu and Chatterjee, Soumyajit and Nandi, Sukumar and Chakraborty, Sandip},
  booktitle={Thirty Eighth IEEE International Conference on Computer Communications (INFOCOM)},
  volume={38},
  year={2019},
}

@article{chattopadhyay2020aloe,
  keywords = {ownth},
  title={Aloe: Fault-Tolerant Network Management and Orchestration Framework for {IoT} Applications},
  author={Chattopadhyay, Subhrendu and Chatterjee, Soumyajit and Nandi, Sukumar and Chakraborty, Sandip},
  journal={IEEE Transactions on Network and Service Management},
  year={2020},
  note={\textbf{Accepted}},
}

@inproceedings{chattopadhyay2020amalgam,
  keywords = {ownth},
  title={Amalgam: Distributed Network Control With Scalable Service Chaining},
  author={Chattopadhyay, Subhrendu and Nandi, Sukumar and Chakraborty, Sandip and Prasad, Abhinandan},
  booktitle={Nineteenth {IFIP} Networking Conference ({IFIP} Networking)},
  year={2020},
}

@inproceedings{karmakar2014trigger,
  keywords = {own},
  title={A Trigger Counting Mechanism for Ring Topology},
  author={Karmakar, Sushanta and Chattopadhyay, Subhrendu},
  booktitle={Thirty Seventh Australasian Computer Science Conference-Volume (ACSC 2014)},
  year={2014},
  pages={81--87},
}

@inproceedings{chakraborty2013surpassing,
  keywords = {own},
  title={Surpassing Flow Fairness in a Mesh Network: How to Ensure Equity among End Users?},
  author={Chakraborty, Sandip and Nandi, Sukumar and Chattopadhyay, Subhrendu},
  booktitle={Seventh IEEE International Conference on Advanced Networks and Telecommunication Systems (ANTS 2013)},
  year={2013},
}

@inproceedings{chakraborty2014defending,
  keywords = {own},
  title={Defending Concealedness in IEEE 802.11n},
  author={Chakraborty, Sandip and Chattopadhyay, Subhrendu and Chakraborty, Suchetana and Nandi, Sukumar},
  booktitle={Sixth IEEE International Conference on COMmunication System \& NETworks (COMSNET 2014)},
  pages={1--8},
  year={2014},
}

@article{chakraborty2016alleviating,
  keywords = {own},
  title={Alleviating hidden and exposed nodes in high-throughput wireless mesh networks},
  author={Chakraborty, Sandip and Nandi, Sukumar and Chattopadhyay, Subhrendu},
  journal={IEEE Transactions on Wireless communications},
  volume={15},
  number={2},
  pages={928--937},
  year={2016},
}

@inproceedings{chakraborty2016es2,
  keywords = {own},
  title={{ES2}: Managing Link Level Parameters for Elevating Data Rate and Stability in High Throughput WLAN},
  author={Chakraborty, Sandip and Chattopadhyay, Subhrendu},
  booktitle={Eighth International Conference on COMmunication System \& NETworks (COMSNET 2016)},
  volume={8},
  year={2016},
}

@inproceedings{chattopadhayay2016leveraging,
  keywords = {own},
  title={Leveraging the Trade-off Between Spatial Reuse and Channel Contention in Wireless Mesh Networks},
  author={Chattopadhyay, Subhrendu and Chakraborty, Sandip and Nandi, Sukumar},
  booktitle={Eighth International Conference on COMmunication System \& NETworks (COMSNET 2016)},
  volume={8},
  year={2016},
}

@inproceedings{sett2016time,
  keywords = {own},
  title={A time aware method for predicting dull nodes and links in evolving networks for data cleaning},
  author={Sett, Niladri and Chattopadhyay, Subhrendu and Singh, Sanasam Ranbir and Nandi, Sukumar},
  booktitle={Fourteenth IEEE/WIC/ACM International Conference on Web Intelligence (WI)},
  pages={304--310},
  year={2016},
}

@inproceedings{pranav2017fast,
  keywords = {own},
  title={Fast and Secure Handoffs for V2I communication in Smart City Wi-Fi Deployement},
  author={Singh, Pranav Kumar and Chattopadhyay, Subhrendu and Bhale, Pradeepkumar Gajendra and Sukumar Nandi},
  booktitle={Fourteenth International Conference on Distributed Computing and Internet Technology (ICDCIT)},
  year={2017},
}

@INPROCEEDINGS{nath2019ptc:own, 
  keywords = {own},
  author={Nath, Shubha Brata and Chattopadhyay, Subhrendu and Karmakar, Raja and Addya,  Sourav Kanti and Chakraborty, Sandip and Ghosh, Soumya K.},  
  booktitle={2019 IEEE Global Communications Conference (GLOBECOM)}, 
  title={PTC: Pick-Test-Choose to Place Containerized Micro-Services in IoT},   
  year={2019}, 
  volume={}, 
  number={},
  pages={1-6},}